@Article{abbot11,
author = {Abbot, C. G. and Fowle, Jr., F. E.},
title = {The value of the solar constant of radiation},
journal = {The Astrophysical Journal},
year = {1911},
volume = {33},
number = {3},
pages = {191--196}
}
@Article{abbot14,
author = {Abbot, C. G.},
title = {The solar constant of radiation},
journal = {Science},
year = {1914},
volume = {39},
number = {1001},
pages = {335--348}
}
@Article{ahmad11,
author = {Ahmed, M. J. and Tawari, G. N.},
title = {Solar radiation models---a review},
journal = {International Journal of Energy Research},
year = {2011},
volume = {35},
pages = {271--290}
}
@Article{allen96,
author = {Allen, R. G.},
title = {Assessing integrity of weather data for reference evapotranspiration estimation},
journal = {Journal of Irrigation and Drainage Engineering},
year = {1996},
volume = {122},
pages = {97--106}
}
@Article{berger77,
author = {Berger, A. L.},
title = {Support for the astronomical theory of climate change},
journal = {Nature},
year = {1977},
volume = {269},
pages = {44--45}
}
@Article{berger78,
author = {Berger, A. L.},
title = {Long-term variations of daily insolation and quaternary climatic changes},
journal = {Journal of the Atmospheric Sciences},
year = {1978},
volume = {35},
pages = {2362--2367}
}
@Article{chen77,
author = {Chen, C.-T. and Fine, R. A. and Millero, F. J.},
title = {The equation of state of pure water determined from sound speeds},
journal = {The Journal of Chemical Physics},
year = {1977},
volume = {66},
pages = {2142--2144}
}
@Article{chen93,
author = {Chen, J. M. and Black, T. A. and Price, D. T. and Carter, R. E.},
title = {Model for calculating photosynthetic photon flux densities in forest openings on slopes},
journal = {Journal of Applied Meteorology},
year = {1993},
volume = {32},
number = {10},
pages = {1656--1665}
}
@Article{cooper69,
author = {Cooper, P. I.},
title = {The absorption of radiation in solar stills},
journal = {Solar Energy},
year = {1969},
volume = {12},
number = {3},
pages = {333--346}
}
@Article{cramer88,
author = {Cramer, W. and Prentice, I. C.},
title = {Simulation of regional soil moisture deficits on a European scale},
journal = {Norsk Geografisk Tidsskrift - Norwegian Journal of Geography},
year = {1988},
volume = {42},
number = {2--3},
pages = {149--151}
}
@Article{crommelynck97,
author = {Crommelynck, D. and Dewitte, S.},
title = {Solar constant temporal and frequency characteristics},
journal = {Solar Physics},
year = {1997},
volume = {173},
pages = {177--191}
}
@Article{dewitte04,
author = {Dewitte, S. and Crommelynck, D. and Mekaoui, S. and Joukoff, A.},
title = {Measurement and uncertainty of the long-term total solar irradiance trend},
journal = {Solar Physics},
year = {2004},
volume = {224},
pages = {209--216}
}
@Article{federer68,
author = {Federer, C. A.},
title = {Spatial variation of net radiation, albedo and surface temperature of forests},
journal = {Journal of Applied Meteorology},
year = {1968},
volume = {7},
pages = {789--795}
}
@Article{federer82,
author = {Federer, C. A.},
title = {Transpirational supply and demand: plant, soil, and atmospheric effects evaluated by simulation},
journal = {Water Resources Research},
year = {1982},
volume = {18},
number = {2},
pages = {355--362}
}
@Article{frohlich06,
author = {Fr\"{o}hlich, C.},
title = {Solar irradiance variability since 1978: {R}evision of the {PMOD} composite during solar cycle 21},
journal = {Space Science Research},
year = {2006},
volume = {125},
pages = {53--65}
}
@Article{gallego-sala10,
author = {Gallego-Sala, A. V. and Clark, J. M. and House, J. I. and 
         Orr, H. G. and Prentice, I. C. and Smith, P. and Farewell, T. and 
         Chapman, S. J.},
title = {Bioclimatic envelope model of climate change impacts on blanket peatland distribution in {G}reat {B}ritain},
journal = {Climate Research},
year = {2010},
volume = {45},
pages = {151--162}
}
@Article{ge11,
author = {Ge, S. and Smith, R. G. and Jacovides, C. P. and Kramer, M. G. and 
         Carruthers, R. I.},
title = {Dynamics of photosynthetic flux density ({PPFD}) and estimates in 
        coastal northern {C}alifornia},
journal = {Theoretical and Applied Climatology},
year = {2011},
volume = {105},
pages = {107--118}
}
@Article{harris14,
author = {Harris, I. and Jones, P. D. and Osborn, T. J. and Lister, D. H.},
title = {Updated high-resolution grids of monthly climatic observations - the {CRU} {TS}3.10 {D}ataset},
journal = {International Journal of Climatology},
year = {2014},
volume = {34},
number = {3},
pages = {623--642}
}
@Article{hays76,
author = {Hays, J. D. and Imbrie, J. and Shackleton, N. J.},
title = {Variations in the earth's orbit: Pacemaker of the {I}ce {A}ge},
journal = {Science},
year = {1976},
volume = {194},
pages = {1121--1132}
}
@Article{henderson84,
author = {Henderson-Sellers, B.},
title = {A new formula for latent heat of vaporization of water as a function of temperature},
journal = {Quarterly Journal of the Royal Meteorological Society},
year = {1984},
volume = {110},
pages = {1186--1190}
}
@Article{kell75,
author = {Kell, G. S.},
title = {Density, thermal expansivity, and compressibility of liquid water from 0$^{\circ}$ to 150$^{\circ}$C: Correlations and tables for atmospheric pressure and saturation reviewed and expressed on 1968 temperature scale},
journal = {Journal of Chemical and Engineering Data},
year = {1975},
volume = {20},
number = {1},
pages = {97--105}
}
@Article{klein77,
author = {Klein, S. A.},
title = {Calculation of monthly average insolation on tilted surfaces},
journal = {Solar Energy},
year = {1977},
volume = {19},
pages = {325--329}
}
@Article{kopp11,
author = {Kopp, G. and Lean, J. L.},
title = {A new, lower value of total solar irradiance: Evidence and climate 
		significance},
journal = {Geophysical Research Letters},
year = {2011},
volume = {38},
number = {L01706}
}
@Article{krivova10,
author = {Krivova, N. A. and Vieira, L. E. A. and Solanki, S. K.},
title = {Reconstruction of solar spectral irradiance since the {M}aunder 
		minimum},
journal = {Journal of Geophysical Research},
year = {2010},
volume = {115},
number = {A12112}
}
@Article{kutzbach88,
author = {Kutzbach, J. E. and Gallimore, R. G.},
title = {Sensitivity of a coupled atmosphere/mixed layer ocean model to changes in orbital forcing at 9000 years {B}.{C}.},
journal = {Journal of Geophysical Research},
year = {1988},
volume = {93},
number = {D1},
pages = {803--821}
}
@Article{lhomme97,
author = {Lhomme, J.-P.},
title = {A theoretical basis for the {P}riestley-{T}aylor coefficient},
journal = {Boundary Layer Meteorology},
year = {1997},
volume = {82},
pages = {179--191}
}
@Article{linacre68,
author = {Linacre, E. T.},
title = {Estimating the net-radiation flux},
journal = {Agricultural Meteorology},
year = {1968},
volume = {5},
pages = {49--63}
}
@Article{meek84,
author = {Meek, D. W. and Hatfield, J. L. and Howell, T. A. and Idso, S. B. 
         and Reginato, R. J.},
title = {A generalized relationship between photosynthetically active
        radiation and solar radiation},
journal = {Agronomy Journal},
year = {1984},
volume = {76},
pages = {939--945}
}
@Article{prentice93,
author = {Prentice, I. C. and Sykes, M. T. and Cramer, W.},
title = {A simulation model for the transient effects of climate change on 
        forest landscapes},
journal = {Ecological Modelling},
year = {1993},
volume = {65},
pages = {51--70}
}
@Article{priestley72,
author = {Priestley, C. H. B. and Taylor, R. J.},
title = {On the assessment of surface heat flux and evaporation using large-scale parameters},
journal = {Monthly Weather Review},
year = {1972},
volume = {100},
number = {2},
pages = {81--92}
}
@Article{sellers85,
author = {Sellers, P. J.},
title = {Canopy reflectance, photosynthesis and transpiration},
journal = {International Journal of Remote Sensing},
year = {1985},
volume = {6},
number = {8},
pages = {1335--1372}
}
@Article{spencer71,
author = {Spencer, J. W.},
title = {Fourier series representation of the position of the sun},
journal = {Search},
year = {1971},
volume = {2},
pages = {172},
url = {http://www.mail-archive.com/sundial@uni-koeln.de/msg01050.html}
}
@Article{stephenson98,
author = {Stephenson, N. L.},
title = {Actual evapotranspiration and deficit: biologically meaningful correlates of vegetation distribution across spatial scales},
journal = {Journal of Biogeography},
year = {1998},
volume = {25},
pages = {855--870}
}
@Article{sykes96,
author = {Sykes, M. T. and Prentice, I. C. and Cramer, W.},
title = {A bioclimatic model for the potential distributions of north {E}uropean tree species under present and future climates},
journal = {Journal of Biogeography},
year = {1996},
volume = {23},
pages = {203--233}
}
@Article{tsilingiris08,
author = {Tsilingiris, P. T.},
title = {Thermophysical and transport properties of humid air at temperature range between 0 and 100 $^{\circ}$C},
journal = {Energy Conversion and Management},
year = {2008},
volume = {49},
pages = {1098--1110}
}
@Article{wetherald72,
author = {Wetherald, R. T. and Manabe, S.},
title = {Response of the joint ocean-atmosphere model to the seasonal variation of the solar radiation},
journal = {Monthly Weather Review},
year = {1972},
volume = {100},
number = {1},
pages = {42--59}
}
@Article{willson97,
author = {Willson, R. C.},
title = {Total solar irradiance trend during solar cycles 21 and 22},
journal = {Science},
year = {1997},
volume = {277},
pages = {1963--1965}
}

@Book{allen73,
author = {Allen, C. W.},
title = {Astrophysical Quantities},
publisher = {The Athlone Press},
year = {1973},
address = {London},
edition = {3}
}
@Book{duffie13,
author = {Duffie, J. A. and Beckman, W. A.},
title = {Solar engineering of thermal processes},
publisher = {John Wiley {and} Sons},
year = {2013},
address = {New Jersey},
edition = {4}
}
@Book{meeus91,
author = {Meeus, J.},
title = {Astronomical algorithms},
publisher = {Willmann-Bell, Inc.},
year = {1991},
address = {Virginia},
edition = {1}
}
@Book{monteith90,
author = {Monteith, J. L. and Unsworth, M. H.},
title = {Principles of Environmental Physics},
publisher = {Butterworth-Heinemann},
year = {1990},
address = {Oxford},
edition = {2}
}

@Booklet{oglesby98,
title = {Fourier paper},
author = {Oglesby, M.},
howpublished = {Online},
month = {2},
year = {1998},
url = {https://www.mail-archive.com/sundial@uni-koeln.de/msg01050.html}
}
@Booklet{weedon12,
title = {{WATCH} forcing databased on {ERA}-{INTERIM}},
author = {Weedon, G. P. and Gomes, S. and Balsamo, G. and Best, M. J. and Bellouin, N. and Viterbo, P.},
howpublished = {Online},
month = {7},
year = {2012},
url = {ftp://rfdata:forceDATA@ftp.iiasa.ac.at}
}

@InBook{chandrasekar10,
author = {Chandrasekar, A.},
title = {Basics of Atmospheric Science},
chapter = {4. Radiation},
publisher = {PHI Learning Private Limited},
year = {2010},
address = {New Delhi}
}
@InBook{iqbal83,
author = {Iqbal, M.},
title = {1. An Introduction to Solar Radiation},
chapter = {Sun---Earth Astronomical Relationship},
publisher = {Academic Press, Inc.},
year = {1983},
address = {New York}
}
@InBook{loutre03,
author = {Loutre, M. F.},
title = {Encyclopedia of Atmospheric Sciences},
chapter = {Ice age ({M}ilankovitch {T}heory},
publisher = {Elsevier Science, Ltd.},
year = {2002}
}
@InBook{stine01,
author = {Stine, W. B. and Geyer, M.},
title = {Power from the Sun},
chapter = {3. The sun's position},
publisher = {Author},
year = {2001},
note = {Available online: \url{http://www.powerfromthesun.net/Book/chapter03/chapter03.html}}
}

@TechReport{allen98,
author = {Allen, R. G. and Pereira, L. S. and Raes, D. and Smith, M.},
title = {Crop evapotranspiration - Guidelines for computing crop water requirements - {FAO} irrigation and drainage paper 56},
institution = {Food and Agriculture Organization of the United Nations},
year = {1998},
address = {Rome},
url = {http://www.fao.org/docrep/x0490e/x0490e00.htm}
}
@TechReport{cavcar00,
author = {Cavcar, M.},
title = {The {I}nternational {S}tandard {A}tmosphere ({ISA})},
institution = {Anadolu University},
year = {2000},
address = {Eskisehir, Turkey},
url = {http://home.anadolu.edu.tr/~mcavcar/common/ISAweb.pdf}
}
@TechReport{wehrli85,
author = {Wehrli, C.},
title = {Extraterrestrial solar spectrum},
institution = {Physikalisch-Meteorologisches Observatorium/World Radiation 
              Center ({PMO}/{WRC})},
year = {1985},
number = {615},
address = {Davos Dorf, Switzerland},
}
@TechReport{woolf68,
author = {Woolf, H. M.},
title = {On the computation of solar evaluation angles and the determination 
        of sunrise and sunset times},
institution = {{N}ational {A}eronautics {and} {S}pace {A}dministration 
              ({NASA})},
year = {1968},
number = {NASA-TM-X-164},
url = {http://ntrs.nasa.gov/search.jsp?R=19680025707}
}
